

@article{basu2017learning,
  title={Learning sparse feature representations using probabilistic quadtrees and deep belief nets},
  author={Basu, Saikat and Karki, Manohar and Ganguly, Sangram and DiBiano, Robert and Mukhopadhyay, Supratik and Gayaka, Shreekant and Kannan, Rajgopal and Nemani, Ramakrishna},
  journal={Neural Processing Letters},
  volume={45},
  number={3},
  pages={855--867},
  year={2017},
  publisher={Springer}
}
